



%Références passées 


@article{distanceParcourue,
author = "Dominique, François",
journal = "La revue",
title = "La mobilité des Français : panorama issu des transports et déplacements",
year = "2010",
pages = "83-98",
}

@misc{enqueteGouv,
title = "Enquête nationale transports et déplacements",
author = "{Ministère de l'Écologie et du développement durable} and INSEE",
howpublished = "\url{http://www.developpement-durable.gouv.fr}",
year = "2008",
}

@techreport{franceAutopartage,
author = "Louvet, Nicolas and Godillon, Sylvanie",
title = "L'autopartage comme déclencheur d'une mobilité alternative à la voiture particulière",
editor = "France Autopartage",
howpublished = "\url{http://6t.fr/download/ENA_RF_130321.pdf}",
year = "2013",
}

@misc{ORSTIF,
title = "Enquête auprès des salariés d’Île-de-France sur les transports en commun domicile-travail",
author = "{ORSTIF} and {Institut d'aménagement et d'urbanisme en Île-de-France and Observatoire social de Lyon}",
howpublished = "\url{http://observatoire-social.org}",
year = "2010",
}

@misc{clubalsace,
title = "Enquête sur la recharge des véhicules électriques",
author = "{Club Alsace VE}",
howpublished = "\url{http://www.club-alsace-ve.fr}",
year = "2014",
}

@misc{sytadin,
author = "{Direction régionale et interdépartementale de l'équipement et de l'aménagement d'Île-de-France (DRIEA IdF)}",
howpublished = "\url{http://www.sytadin.fr}",
}

@misc{donneesVehicule,
title = "Automobile propre",
howpublished = "\url{http://www.automobile-propre.com}",
}


